2550 4866
647 15 770 67 §¹⁸01qu
789 10 850 41 ΠΙΙΙ.

582 68 847 142 mansuetudinis

87 68 217 158 vietus,
242 68 381 167 legum,
406 90 542 143 morum
553 27 581 158 ,³

90 168 252 266 exemplo
261 167 517 258 hominibus‚&
528 166 722 241 civitatibus
730 167 852 243 datrae

88 268 249 341 dicuntur
268 294 276 339 :
311 291 457 365 quarum
475 268 564 341 sacra
579 269 726 364 populus
740 270 856 343 Roma

89 370 186 444 ascita
207 368 245 441 δε
268 389 408 467 accepta
430 388 525 443 tant:
549 367 717 466 religione
740 368 778 441 δι
794 368 860 468 pul

90 470 155 543 tim
174 488 323 556 tuetur,
348 490 418 541 non
435 488 474 543 ut
491 468 535 541 ab
551 468 622 540 aliis
637 468 705 539 hue
724 468 840 559 allata,

93 568 175 643 hine
189 568 313 641 tradita
329 567 395 640 else
411 567 591 641 videantur
607 591 616 637 :
641 590 728 662 quae
744 566 786 639 ab
805 570 863 641 iste

92 668 168 743 luta
192 668 230 742 δε
251 668 375 741 violata
389 666 494 755 sunt,
528 685 569 739 ut
596 664 862 738 fimulocrumC

93 766 189 865 quod
211 788 232 837 a
252 768 325 837 tiro
341 790 411 836 non
426 764 534 838 modo
550 764 645 864 tangi
661 814 674 855 ,
697 764 754 839 sed
772 786 819 837 ne
835 788 866 837 ae

93 866 142 940 fae
156 865 241 955 fuit,
268 888 289 935 e
303 864 442 937 sacrario
451 865 592 937 Catinae
601 864 864 937 convellendum

118 990 162 1039 ue
187 966 380 1036 curaverit:
414 964 559 1039 alterum
584 986 701 1039 autem
716 968 868 1038 Ennaee

92 992 200 1137 bomo
223 1061 417 1136 sustulerit:
442 1062 537 1161 quod
564 1086 636 1135 emt
651 1065 745 1154 tale,
771 1066 870 1137 utho

92 1162 276 1253 ¹uiderent,
297 1162 383 1235 auti
407 1162 475 1237 sam
491 1163 607 1237 videte
624 1163 657 1235 se
674 1164 857 1249 Cererem,

93 1264 229 1339 Ceteris
246 1312 259 1352 ,
285 1284 354 1333 non
378 1186 526 1335 bumana
540 1284 643 1333 manu
659 1261 811 1351 fastam,
838 1262 874 1335 so

94 1364 188 1463 psam
203 1360 471 1437 arbitrarentur:
496 1385 556 1433 vos
575 1362 701 1453 etiam,
717 1384 822 1461 atque
837 1382 870 1434 et

95 1464 134 1537 bt
150 1460 304 1563 appello,
329 1458 544 1536 sanstissimae
561 1459 665 1551 deae,
689 1486 778 1560 quoe
794 1461 868 1533 illos

95 1586 156 1637 cut
180 1559 343 1657 lucosque
356 1562 495 1651 colitis,
522 1560 667 1635 cunetae
693 1586 736 1633 ue
754 1562 878 1635 Siciliae

95 1659 311 1735 defendenda
333 1661 457 1735 tradita
471 1662 541 1749 est,
563 1585 773 1759 practicus:
798 1684 877 1758 aqu

97 1765 143 1837 tit
156 1759 315 1861 frugibus
329 1806 342 1847 ‚
357 1760 395 1835 δι
410 1762 446 1834 in
463 1761 587 1834 orbem
599 1757 881 1833 terrarumdistril

96 1881 218 1963 gentes
240 1884 278 1933 ac
299 1864 454 1935 nationes
476 1861 576 1934 vestri
592 1859 761 1961 religione
776 1860 882 1933 numir

96 1984 170 2035 tur:
194 1980 328 2033 ceteros
350 1958 442 2033 idern
458 1958 540 2032 deos
556 1958 705 2057 deasque
719 1983 838 2032 omnes
855 1963 882 2033 ir

99 2059 281 2149 obtestor,
312 2082 461 2155 quorum
487 2057 623 2157 templis
648 2058 687 2133 ὃ(
712 2058 882 2159 religioni!

100 2160 150 2233 n'o
173 2156 324 2259 quodam
348 2156 463 2231 surore
479 2158 517 2231 δι
532 2156 671 2229 audacia
685 2158 858 2232 instruetur
876 2158 882 2229 l

101 2260 221 2363 legum
240 2258 371 2357 semper
385 2260 596 2357 impiumque
612 2256 733 2333 hebuit
747 2256 882 2335 indistu
