2550 4866
330 691 916 772 LtntrttTnnrrvs.
1088 722 1141 797 47

113 814 310 921 agendum,
327 836 428 889 uteo
444 813 590 887 celerius
608 812 974 915 deistotranfigamus,
989 840 1142 916 quoma-

116 919 228 992 turius
242 915 286 991 ad
304 917 495 1015 Apronium
512 913 695 1015 poffimus,
722 914 755 988 id
773 914 866 1012 quod
883 915 931 987 illi
948 940 1017 1016 ego
1023 922 1093 1014 jam
1105 920 1142 990 in

119 1018 234 1092 Sicilia
248 1014 421 1117 pollicitus
436 1014 532 1105 sum,
548 1016 751 1113 pervenire?
775 1016 835 1111 qui
853 1015 896 1087 C.
913 1018 1142 1109 Matrinium,

114 1116 271 1217 judices,
295 1117 426 1189 summa
440 1118 571 1189 virtute
588 1116 786 1205 hominem,
811 1114 943 1189 summa
959 1115 1141 1208 industria,

118 1218 251 1292 summa
273 1218 403 1316 gratia,
428 1216 611 1290 Leontinis
635 1218 670 1287 in
693 1214 836 1313 publico
852 1211 1001 1289 biduum
1019 1219 1144 1292 tenuit.

118 1336 224 1417 atque
239 1314 283 1388 ab
299 1318 477 1414 Apronio,
489 1316 642 1415 judices,
659 1317 802 1389 homine
818 1318 853 1385 in
863 1314 1033 1388 dedecore
1041 1336 1144 1409 nato,

118 1418 162 1491 ad
176 1416 427 1517 turpitudinem
445 1418 615 1506 educato,
641 1416 682 1488 ad
698 1416 816 1489 Verris
832 1414 960 1516 flagitia
969 1414 1145 1489 libidines-

117 1540 187 1618 que
203 1515 484 1607 accommodato,
508 1519 661 1615 equitem
679 1518 787 1590 Rom.
807 1514 927 1589 scitote
937 1515 1144 1590 biduumci·

116 1614 166 1691 bo
194 1616 358 1717 tedioque
374 1616 589 1717 prohibitum
607 1642 616 1689 ε
649 1613 797 1689 biduum
815 1616 998 1691 Leontinis
1014 1614 1049 1688 in
1066 1614 1145 1691 foro

118 1716 281 1791 custodiis
306 1718 455 1814 Apronii
478 1734 653 1787 retentum
677 1737 780 1815 atque
805 1720 1005 1807 servatum,
1028 1738 1145 1815 neque

118 1837 199 1891 ante
213 1814 406 1904 dimill‘um,
432 1838 534 1911 quarn
551 1814 594 1886 ad
609 1815 824 1887 conditiones
832 1816 903 1913 ejus
912 1814 1075 1915 depadlus
1084 1814 1144 1890 est.

117 1916 217 1991 Nam
232 1914 315 2014 quid
332 1938 401 2015 ego
420 1912 464 1985 de
479 1912 682 2009 QLollio,
702 1912 859 2013 judices,
876 1914 1008 2006 dicam,
1024 1917 1198 2027 equite25

117 2016 284 2089 Romano
299 2014 451 2112 spectato
467 2034 571 2115 atque
589 2011 753 2087 honesto?
776 2010 880 2085 Clara
895 2037 947 2086 res
958 2016 1025 2106 est,
1040 2040 1144 2115 quam

117 2114 271 2189 didurus
294 2116 368 2187 sum
388 2164 401 2206 ,
435 2134 509 2189 tota
526 2112 639 2187 Sicilia
654 2111 877 2187 celeberrima
892 2132 998 2213 atque
1014 2116 1145 2192 notiffi-

117 2240 193 2288 tna:
217 2215 278 2315 qui
296 2238 377 2287 curn
395 2236 503 2288 araret
518 2214 555 2287 in
571 2212 734 2288 Aetnenfi
752 2264 764 2304 ,
789 2236 941 2315 cumque
956 2213 984 2286 is
999 2236 1082 2313 ager
1095 2218 1145 2291 A,

114 2316 239 2415 pronio
253 2338 334 2387 cum
352 2318 472 2387 ceteris
488 2316 577 2415 agris
594 2314 678 2388 esset
693 2312 862 2400 traditum
887 2312 1034 2415 equestri
1049 2334 1145 2387 vete-

115 2438 154 2487 re
172 2414 280 2487 illa&
298 2412 500 2489 auetoritate
515 2416 552 2487 &
569 2416 676 2514 gratia
693 2414 800 2507 fretus
814 2413 1016 2506 affirmavit,
1035 2413 1069 2486 se
1084 2412 1147 2489 de·

116 2516 273 2589 cumanis
291 2513 367 2613 plus
382 2538 485 2615 quam
498 2514 644 2588 deberet
661 2538 731 2588 non
746 2513 917 2588 daturum.
942 2512 1092 2589 refertur
1107 2538 1146 2588 e·

111 2615 169 2715 jus
185 2614 295 2689 sermo
309 2612 352 2687 ad
369 2616 573 2715 Apronium.
607 2616 795 2688 Enimvero
813 2614 874 2687 iste
889 2612 1001 2688 ridere
1018 2638 1059 2687 ac
1077 2617 1145 2691 mi·

115 2715 210 2804 rari,
234 2713 388 2789 Lollium
404 2714 493 2787 nihil·
509 2712 553 2785 de
568 2713 760 2803 Matrinio,
785 2714 871 2787 nihil
887 2712 931 2785 de
949 2714 1073 2788 ceteris
1087 2736 1145 2787 re*

118 2812 321 2889 busaudiffe.
347 2815 457 2887 mittit
465 2814 506 2887 ad
517 2816 693 2889 hominem
701 2814 890 2904 Venerios,
907 2815 995 2909 (hoc
1003 2838 1145 2913 quoque

114 2916 316 3004 attendite,
340 2917 549 3013 apparitores
572 2938 592 2988 a
616 2935 774 3014 praetore
797 2912 977 3015 affignatos
994 2914 1144 2989 habuiffe

1078 3014 1143 3085 de·

146 3112 313 3177 alisiensem
324 3110 418 3183 walse]
438 3118 520 3165 vetus.
535 3116 612 3163 Pertr-
643 3110 735 3163 bonam
754 3124 842 3177 partem
854 3110 1145 3180 quaudoqueufinparun

111 3175 166 3225 uite.
182 3178 299 3229 Nunnius.
644 3178 730 3229 rideas.
744 3179 863 3243 Quoius.

144 3244 254 3291 barnan
265 3240 566 3309 inpublicriidrrrrmrnra't]
584 3242 612 3292 ld
674 3248 696 3291 11
708 3258 761 3307 ager
773 3243 902 3306 imperio
945 3240 1104 3299 Panionia,
1117 3254 1146 3294 ut

114 3302 164 3356 eu,
177 3306 203 3355 in
216 3306 269 3362 via,
283 3308 326 3359 iub
337 3308 388 3359 dio.
406 3308 509 3359 utinfra.
524 3308 614 3355 Saum
643 3306 733 3364 otiosa,
756 3308 782 3359 δι
799 3308 826 3357 in
839 3307 902 3357 lrunc
923 3319 996 3357 ocum
1008 3306 1146 3371 importune

112 3368 186 3436 popm·
192 3372 284 3419 Rom·
292 3406 300 3429 ‚
312 3376 396 3436 quem
405 3374 531 3434 satisfuit,
547 3388 613 3419 moc-
643 3374 763 3435 conistlt,
778 3370 884 3421 tollenda
895 3370 926 3421 de
939 3370 1020 3428 libris,
1034 3385 1061 3421 ac
1075 3386 1145 3439 repu-
1215 3406 1217 3411 ,

110 3435 156 3495 stu
167 3434 330 3499 oppidajam'r,
344 3436 537 3505 &postlimio
542 3436 613 3503 paui-
643 3434 781 3489 diandneib
795 3434 1144 3487 austoribtuomnibusrereri·

111 3516 144 3549 u.
160 3502 271 3547 Honom.
646 3502 690 3551 bus
703 3500 776 3551 αἰιιιι
789 3498 911 3565 impreffis·
926 3500 1023 3550 listron.
1062 3502 1145 3550 cmi

145 3560 483 3631 cussauimpuniirermm]
500 3564 613 3625 castoriis,
642 3580 696 3627 ager
709 3562 1088 3629 rnstpnnr'mmurrriugrireffrr
1098 3576 1145 3613 m·

114 3624 268 3701 tullodilpus,
282 3628 456 3691 apparitoribus.
476 3629 572 3681 Plautus
588 3632 613 3679 itt
643 3628 731 3745 dirus}
746 3634 824 3681 vetus.
847 3636 943 3697 Cumque
962 3636 981 3677 ιι
999 3644 1052 3695 ager
1066 3637 1146 3695 Apro-

112 3692 248 3757 captives.
271 3694 305 3737 lta
321 3697 406 3741 obradit
419 3694 557 3761 custodiisque
570 3700 610 3744 cir·
642 3698 691 3753 air,
731 3712 750 3744 r.
766 3695 883 3746 Nannius.

112 3756 331 3816 nmmmirismt.
345 3756 421 3807 idem.
673 3756 1029 3821 Misenahmnmt'em'u]
1053 3760 1145 3811 Deve·

144 3819 313 3897 Datilfflss]
338 3822 612 3889 conquiruntur.
642 3825 928 3890 neriisdistumestsupra·
943 3829 1039 3873 Horam.

113 3887 214 3951 pronior
231 3884 412 3937 conditionibus
422 3884 566 3955 transegisset.
589 3893 612 3933 1-
681 3890 848 3955 apparitores]
885 3887 988 3939 Minidri
1008 3888 1145 3945 dicebantur

112 3952 171 3999 dtu.
200 3950 249 4001 .Λί
257 3952 386 3999 conditiones
398 3950 444 4013 ejus
457 3952 589 4018 ἐφήκει]
645 3955 836 4019 magistratuum.
851 3954 993 4005 derivatae:
1006 3968 1036 4004 eo
1044 3957 1144 4021 appella-

112 4016 194 4065 νοω.
221 4017 401 4064 Admdniones
413 4016 564 4075 «jordaneius
577 4036 588 4065 ι
642 4018 725 4077 tione,
738 4020 805 4085 quod
812 4020 842 4069 iis
849 4030 959 4083 perpetuo
964 4032 1087 4081 apparere.
1100 4036 1144 4071 eo·

113 4076 353 4145 Sodputorulgatum
362 4082 456 4131 melius.
470 4080 613 4147 quiaintur-
642 4099 743 4149 rnmque
763 4085 863 4149 imperio
877 4081 958 4149 praeflo
969 4086 1014 4134 elle
1027 4082 1143 4135 solebant.

112 4142 182 4207 pilatu
194 4144 219 4195 δι
232 4144 613 4211 malisconditionibnrdeprelsti·
641 4152 724 4215 larque
729 4149 800 4201 etiarn
805 4150 891 4209 staram
900 4146 1082 4214 appellabantur.
1096 4148 1144 4201 sed

113 4206 612 4277 tnurfivedepecisrimur,unutuqueeuim
641 4215 668 4261 dr
679 4216 834 4281 apparitoribus
845 4213 1079 4281 ndsquaedixiveu.
1089 4226 1144 4267 ιιι.

111 4271 612 4343 nonuunqurnquanidipruuatin
641 4274 716 4345 firpn.
729 4280 801 4330 lta.
1094 4340 1123 4393 u

1122 4354 1145 4390 Ι·
