2550 4866
322 636 546 714 Ltnrn
597 632 962 712 Tanatus·
1068 646 1141 734 169

104 777 180 831 non
209 752 385 829 deerunt:
417 750 550 852 reipub,
573 750 656 824 salus
679 750 817 842 deerit,
850 750 875 824 fi
900 749 1142 849 improborum

107 857 277 954 exemplis
287 851 436 953 improbi
440 852 787 952 judicioacpericulo
795 849 1040 926 liberabuntur.
1065 857 1143 930 Pla-

108 975 193 1029 cent
208 955 304 1030 vobis
319 955 498 1026 homiuum
516 953 654 1027 mores?
683 952 796 1052 placet
811 952 860 1025 ita
876 953 955 1051 geri
969 954 1146 1052 magistra-

106 1076 187 1146 tus,
212 1075 252 1128 ut
272 1055 464 1157 geruntur?
488 1053 602 1151 placet
619 1052 727 1126 socios
743 1052 787 1131 stc
804 1051 963 1140 tradiari,
984 1055 1079 1147 quod
1089 1081 1144 1130 re·

105 1156 190 1246 stat,
216 1175 257 1229 ut
274 1180 336 1254 per
357 1158 439 1229 haec
454 1176 613 1252 tempora
630 1151 790 1227 trudatos
801 1151 949 1227 videtis?
973 1152 1049 1225 Cur
1060 1156 1143 1231 haec

104 1281 125 1328 a
142 1279 323 1355 meopera
337 1253 573 1329 consumitur?
596 1253 680 1349 quid
699 1251 841 1328 sedetis?
866 1253 1055 1326 turnonin
1068 1280 1144 1329 me-

104 1354 161 1427 dia
183 1359 338 1428 oratione
364 1379 441 1427 mea
454 1353 660 1452 consurgitis
676 1374 779 1450 atque
798 1352 991 1426 disceditis?
1022 1354 1143 1429 Vultis

105 1476 222 1528 autem
240 1456 379 1529 istorum
395 1456 550 1528 audacias
567 1478 606 1525 ac
623 1453 779 1527 libidines
793 1453 905 1552 aliqua
921 1476 965 1525 ex
981 1475 1078 1554 parte
1088 1480 1144 1528 re-

105 1553 424 1631 secareiDesrnite
441 1553 619 1643 dubitare,
646 1572 766 1627 utrum
782 1551 969 1643 inutilius,
994 1575 1143 1654 propter

104 1657 236 1728 multos
255 1653 432 1753 improbos
450 1654 514 1725 uni
530 1675 691 1750 parcere,
714 1678 757 1727 an
776 1654 875 1727 unius
895 1652 1048 1752 improbi
1061 1657 1143 1755 sup·

104 1757 212 1853 plicio
229 1753 419 1826 multorum
429 1751 863 1851 improbitatemcoercere.
889 1753 1142 1854 Tametsrquae

104 1854 263 1926 istasunt
282 1852 442 1950 exempla
460 1851 674 1925 multorum?
694 1877 773 1923 nam
790 1875 871 1926 tum
881 1853 1142 1947 incausatum,

103 1978 189 2026 eum
205 1952 398 2025 incrimine
414 1948 654 2025 maximodici
669 1976 688 2022 a
704 1949 881 2024 defensore
899 1960 1141 2050 coeptumest‚

107 2051 303 2127 factitatum
322 2052 388 2124 ess'e
406 2050 562 2149 aliquid:
594 2050 795 2150 exspeebant
811 2052 864 2140 ii,
899 2053 957 2148 qui
975 2053 1141 2148 audiunt,

104 2153 265 2252 exempla
281 2172 461 2224 exuetere
478 2150 665 2241 memoria,
690 2151 726 2224 δε
745 2149 979 2224 monumentis
995 2152 1139 2228 aclitte-

101 2251 167 2342 ris,
192 2253 293 2351 plena
306 2251 503 2351 dignitatis;
527 2249 630 2349 plena
644 2250 869 2349 antiquitatis.
924 2252 1025 2325 Haec
1043 2257 1135 2328 enim
1143 2279 1194 2342 90

101 2353 292 2452 plurimum
311 2351 419 2424 solent
434 2351 471 2424 ὅ(
488 2349 699 2425 audioritatis
710 2350 838 2424 habere
845 2349 888 2424 ad
898 2349 1137 2449 probandum,

100 2452 140 2525 &
153 2451 379 2551 jucunditatis
397 2450 440 2524 ad
457 2450 682 2526 audiendum.
710 2449 1004 2542 Africanosmihi‚
1020 2452 1139 2528 &Ca-

101 2571 224 2642 tones‚
248 2551 285 2624 &
304 2551 440 2624 Laelios
457 2549 766 2624 commemorabis?
790 2549 828 2623 &
845 2575 904 2623 eos
920 2549 1035 2625 feciffe
1044 2553 1137 2630 idem

99 2649 222 2732 dices?
252 2653 406 2750 quamvis
431 2675 484 2724 res
507 2651 592 2724 mihi
618 2675 689 2729 non
712 2651 875 2749 placeat,
911 2669 1029 2725 tamen
1053 2679 1139 2728 con-

100 2770 156 2825 tra
173 2751 354 2826 hominum
373 2749 614 2825 auetoritatem
629 2774 785 2850 pugnare
800 2775 872 2822 non
889 2772 1023 2848 potero.
1057 2756 1136 2846 An,

100 2875 185 2926 cum
208 2876 267 2925 eos
291 2876 361 2926 non
386 2849 514 2950 poteris
539 2849 722 2950 proferre,
755 2848 906 2950 proferes
930 2854 992 2925 hos
1016 2876 1137 2928 recen-

100 2970 182 3042 tes,
210 2950 444 3048 QCatulum
463 2972 627 3050 patrem,
650 2951 693 3024 C.
711 2952 894 3041 Marium,
919 2949 1136 3048 QScaevo-

100 3049 190 3142 lam,
217 3055 268 3126 Μ.
288 3052 477 3147 Scaurum,
502 3050 773 3149 QMetellum?
797 3053 856 3147 qui
865 3075 986 3123 omnes
997 3056 1136 3148 provin-

97 3153 168 3224 cias
184 3149 403 3242 habueruut,
434 3150 699 3225 &frumentum
716 3148 820 3222 cellae
838 3149 1135 3248 nomineimptru-

97 3270 232 3325 verunt.
259 3275 294 3322 m
372 3332 375 3337 ,
402 3252 451 3324 est
467 3251 649 3324 hominum
665 3251 876 3338 annositas,
901 3248 938 3319 &
953 3270 1068 3342 tanta,
1094 3276 1135 3327 ut

100 3349 211 3422 etiam
228 3274 590 3448 deiifflspicioncm
609 3346 850 3450 tegerepoflit.
878 3347 1134 3425 Nonhabesne

98 3474 146 3524 ex
164 3446 216 3522 his
231 3448 372 3549 quidem
389 3449 606 3540 hominibus,
630 3454 692 3549 qui
708 3471 818 3548 nuper
835 3447 997 3542 fuerunt,
1023 3452 1134 3526 ullum

1072 3579 1135 3627 au·

129 3684 199 3763 Qud
211 3680 292 3748 iniat]
317 3681 345 3732 ld
358 3683 391 3735 est
403 3685 469 3750 quod
476 3682 604 3735 necessario
633 3689 713 3736 Vetus.
729 3687 959 3753 Harenimplarimam
969 3688 1049 3750 sorana
1068 3689 1137 3736 Nau-

96 3749 264 3813 mtequitur.
288 3746 306 3797 fi
321 3750 466 3813 magistratus
477 3754 510 3801 iu
520 3767 603 3815 geran-
633 3752 695 3801 uiua·

97 3828 150 3874 m,
170 3814 270 3880 impune
290 3814 316 3864 in
337 3812 417 3865 socios
436 3815 620 3898 amabimini
664 3815 830 3882 Hennenses]
855 3812 1135 3879 Horampiiusduolibri

100 3884 196 3943 mon.
632 3891 734 3932 veteres,
753 3881 890 3940 Pausanias
904 3893 1002 3928 ruentes.
1015 3880 1135 3947 quodfiue

132 3942 425 4058 dmpmetnmitur)
441 3945 603 4011 Exltgecor·
632 3944 708 3994 dubio
721 3945 811 3995 redium
825 3943 865 3993 est.
884 3951 981 3993 Hirtam.
1026 3952 1070 3993 ,Λη
1085 3961 1135 3994 cum

101 4008 408 4071 mummndaromactu

162 4074 199 4121 tu
217 4074 332 4134 sideria]
365 4079 415 4124 Cur
431 4073 603 4134 bociuditium
633 4079 714 4126 Vetus·
736 4075 1135 4139 „Antumetrmpmritprofnm

96 4135 153 4202 lep
195 4136 397 4188 'alitonuirnom
404 4139 523 4188 uetueris?
537 4141 603 4186 Idam.
632 4140 882 4199 prosmnhmmtrttr.
899 4137 1018 4192 Nunnius,

131 4203 184 4254 raa
191 4203 312 4271 plurim
319 4203 391 4270 [olen
404 4200 432 4254 (a
445 4202 601 4269 austeritatis]
763 4267 784 4319 ι
1108 4244 1112 4251 .

803 4281 814 4325 5
1075 4271 1136 4319 Α*

419 4009 484 4059 andi.
499 4011 566 4057 [don.
632 4010 906 4076 erantnptteritproserrt,
922 4009 1132 4074 liestmonam]
