2550 4866
309 620 529 697 errrtn
578 616 904 696 Teurrrt.
1063 646 1137 725 107

112 738 235 841 populi
258 740 412 815 Romani
428 741 535 814 socioo
549 759 653 841 atque
669 742 807 813 amicos.
830 740 955 837 quibua
970 740 1064 843 siqua
1077 770 1137 817 ca·

116 842 247 914 lamitro
261 861 404 939 propter
417 840 542 931 istum,
563 842 662 914 salvis
675 838 903 939 vestigalibus
917 842 1055 933 nostris,
1076 868 1135 918 oc·

116 938 277 1031 cidisset,
298 940 561 1015 animadvertere
575 943 612 1013 in
629 963 710 1013 curn
726 964 787 1013 vot
806 938 989 1037 oportebat
1006 967 1016 1013 t
1038 966 1138 1040 prae·

118 1040 235 1123 sertim
251 1040 334 1113 c'um
350 1064 390 1113 ea
404 1041 483 1141 lege
497 1040 696 1139 judicaretis
712 1088 725 1129 ,
757 1063 845 1140 quae
859 1039 1027 1113 sociorum
1041 1042 1138 1118 causa

118 1137 202 1213 esset
218 1141 411 1214 constituta.
435 1164 518 1213 cum
526 1163 607 1212 vero
615 1140 756 1237 perditis
763 1137 1138 1241 profligatisquesociit,

117 1238 296 1339 veciigalia
310 1240 428 1339 populi
444 1242 598 1314 Romani
616 1238 680 1312 sint
695 1239 892 1315 deminuta:
916 1264 968 1313 res
983 1238 1140 1313 frumen·

116 1339 219 1429 tatia,
242 1363 475 1429 commeatus,
497 1343 637 1437 copiae,
661 1338 745 1413 salut
765 1337 863 1412 urbis
885 1362 989 1439 atque
1005 1340 1140 1413 exerci-

116 1459 221 1512 tuum
239 1440 437 1514 nostrorum
454 1442 490 1513 in
506 1440 737 1538 postcrttatem
751 1440 845 1513 istius
859 1444 994 1514 avaritia
1002 1439 1141 1513 luterio

116 1541 183 1629 rit,
207 1538 323 1613 saltem
346 1541 531 1614 commoda
546 1539 668 1638 populi
682 1538 835 1612 Romani
850 1540 1022 1640 respicite,
1046 1539 1071 1613 sr
1087 1540 1141 1613 so·

116 1639 180 1711 ciis
198 1637 396 1713 fidelissimis
410 1641 605 1739 prospicere
623 1662 693 1710 non
709 1637 877 1713 laboratis.
911 1643 1029 1739 Atque
1039 1661 1079 1714 ut
1087 1641 1142 1714 in·

116 1737 299 1836 telligatis,
322 1738 366 1810 ab
389 1742 452 1812 isso
475 1763 555 1837 prae
570 1739 669 1809 lucro
683 1738 875 1837 praedaque
889 1740 1057 1837 praesenti
1072 1763 1140 1813 nec

115 1835 338 1936 vestigalium
355 1886 368 1928 ‚
393 1860 459 1911 nec
474 1837 679 1935 posteritatis
696 1837 848 1910 habitam
868 1840 934 1910 esse
950 1843 1141 1933 rationem,

117 1936 339 2037 cognoscite,
362 1937 449 2036 quid
465 1937 508 2009 cd
523 1957 723 2023 extremum
739 1935 860 2010 scribat
876 1939 1051 2011 Metellut
1085 1942 1137 2013 ΙΝ

118 2060 252 2109 retr
272 2060 423 2129 virr
455 2060 635 2111 rrrrrvs
657 2060 1010 2110 vecrrertrrvs
1034 2061 1140 2111 ruo-

118 2158 227 2209 arax
241 2164 266 2211 r.
304 2138 346 2210 ln
362 2137 532 2234 reliquum
547 2157 686 2237 tempus
701 2138 749 2209 ait
765 2137 800 2211 se
816 2135 1041 2237 veciigalibus
1059 2158 1140 2233 pro·

116 2235 271 2333 spexisse.
296 2260 366 2309 non
390 2235 576 2328 scriberet,
599 2237 632 2310 se
655 2236 881 2337 vectigalibus
906 2236 1141 2334 prospexisse,

116 2334 567 2428 nisrhocvelletostendere,
583 2335 805 2437 reucoligalia
814 2336 1005 2437 perdidisse.
1039 2334 1141 2432 Qud

118 2440 212 2507 enim
230 2455 325 2527 erat,
347 2434 441 2533 quod
456 2435 680 2537 vectigalibus
694 2439 903 2535 prospiceret
920 2436 1086 2511 Metellus
1102 2440 1140 2511 in

117 2534 294 2625 decumis,
318 2534 356 2607 &
372 2535 407 2607 in
422 2555 497 2609 tota
511 2560 550 2608 re
566 2535 806 2627 frumentaria,
832 2537 858 2610 fi
877 2536 936 2609 iste
953 2535 1141 2611 nonvetti-

117 2634 209 2733 galia
224 2635 345 2736 populi
362 2635 516 2708 Romani
532 2635 593 2710 suo
609 2636 750 2733 quaestu
767 2635 998 2735 pervertisset?
1024 2641 1139 2734 Atque

115 2734 188 2832 ipse
202 2735 393 2826 Metellus,
417 2736 479 2832 qui
493 2734 713 2836 vectigalibus
728 2738 908 2835 prospicit,
922 2735 1139 2836 quireliquot

116 2854 266 2908 aratores
279 2835 434 2934 colligit,
459 2835 544 2933 quid
559 2838 761 2933 assequitur,
784 2836 846 2911 nisi
862 2838 951 2928 hoc,
966 2859 1006 2910 ut
1021 2858 1139 2928 arent,

115 2933 142 3008 fi
157 2937 217 3033 qui
234 2934 401 3033 poliunt,
421 2932 547 3032 quibus
563 2955 711 3009 aratrum
724 2937 840 3011 saltem
859 2937 993 3036 aliquod
1011 2935 1139 3010 satelles

118 3029 212 3107 istius
229 3036 400 3134 Apronius
416 3034 586 3131 reliquum
601 3034 703 3109 fecit:
726 3040 786 3135 qui
802 3056 917 3109 tamen
935 3039 968 3107 in
986 3036 1138 3134 agritspc

116 3150 222 3230 atque
238 3134 494 3233 exspe&atione
503 3133 642 3209 Metelli
650 3134 902 3209 remanserunt?
927 3135 1140 3226 Qidceteri

120 3229 251 3304 Siculi?
271 3235 351 3331 quid
369 3235 426 3309 ille
443 3238 610 3309 maximus
621 3260 783 3309 numerus
793 3254 984 3322 aratorum,
999 3234 1139 3330 quinon

119 3329 228 3402 modo
252 3356 297 3405 ex
321 3338 409 3433 agris
434 3335 534 3429 ejecti
551 3337 654 3425 sunt,
689 3335 864 3407 sedetiam
884 3358 928 3406 ex
943 3333 1139 3407 civitatibus

120 3428 204 3521 suis,
228 3452 271 3503 ex
280 3434 477 3528 provincia,
493 3432 968 3532 deniquebonisfortunisque
978 3433 1139 3508 omnibus

120 3532 248 3628 ereptis
265 3579 278 3621 ,
308 3530 539 3633 profugerunt
556 3532 570 3606 ?
596 3556 663 3630 qua
679 3536 810 3605 ratione
823 3536 846 3606 ii
862 3534 1140 3607 revocabuntur?

115 3651 203 3727 quot
220 3653 419 3727 praetorum
438 3635 631 3706 innocentia
647 3632 876 3733 sapientiaque
893 3659 980 3732 opus
998 3632 1074 3722 est,
1098 3654 1139 3707 ut

116 3730 173 3803 illa
188 3750 358 3805 aratorum
375 3733 563 3809 multitudo
578 3733 761 3833 aliquando
776 3738 813 3813 in
828 3734 892 3810 suis
908 3736 994 3834 agris
1004 3757 1043 3805 ac
1053 3732 1139 3805 sedi·

1072 3832 1137 3919 bus

146 4004 248 4053 ronst:
266 4008 345 4069 finum
359 4004 487 4073 commoda]
516 4010 544 4057 stt
560 4022 611 4058 rnr-
643 4007 742 4063 rectior,
761 4004 945 4073 &probabilior
957 4005 1054 4059 viderur.
1078 4014 1139 4058 nort.

113 4066 245 4137 nusulpso,
265 4073 370 4130 Aldina,
392 4076 415 4121 &
438 4070 551 4123 veteribus
563 4074 612 4122 irn-
642 4075 724 4123 Saltem
737 4072 1036 4137 etmnrdaurflmesprcirr]
1053 4080 1140 4130 vetur.

116 4132 214 4197 preffir,
235 4140 364 4184 Inseritur:
386 4142 465 4201 sallem
483 4140 556 4203 populi
570 4141 610 4181 rr·-
642 4140 724 4186 saltem
738 4140 846 4187 commoda
856 4139 930 4207 popul!
942 4140 1139 4201 &mnrrrsprtrso

115 4201 288 4250 memora
294 4206 395 4268 respuite.
410 4200 627 4311 qualecliorrrisril
644 4203 762 4259 Neruius.

1060 4267 1141 4331 Qu.
