<?xml version="1.0" encoding="UTF-8"?>
<!DOCTYPE html PUBLIC "-//W3C//DTD XHTML 1.0 Transitional//EN"
    "http://www.w3.org/TR/xhtml1/DTD/xhtml1-transitional.dtd">
<html xmlns="http://www.w3.org/1999/xhtml" xml:lang="en" lang="en">
 <head>
  <title>
</title>
<meta http-equiv="Content-Type" content="text/html;charset=utf-8" />
  <meta name='ocr-system' content='tesseract 3.04.00' />
  <meta name='ocr-capabilities' content='ocr_page ocr_carea ocr_par ocr_line ocrx_word'/>
</head>
<body>
  <div class='ocr_page' id='page_1' title='image "./mtvlliiciceroni03cicegoog_0446.png"; bbox 0 0 2550 4866; ppageno 0'>
   <div class='ocr_carea' id='block_1_1' title="bbox 61 13 873 2005">
    <p class='ocr_par' dir='ltr' id='par_1_1' title="bbox 61 13 873 2005">
     <span class='ocr_line' id='line_1_1' title="bbox 110 13 843 105; baseline 0.005 -26"><span class='ocrx_word' id='word_1_1' title='bbox 110 49 258 81; x_wconf 54' lang='lat' dir='ltr'><strong>aarum.»</strong></span> <span class='ocrx_word' id='word_1_2' title='bbox 269 39 391 105; x_wconf 69' lang='lat' dir='ltr'><strong>pum,</strong></span> <span class='ocrx_word' id='word_1_3' title='bbox 410 32 497 105; x_wconf 85' lang='lat' dir='ltr'><strong>quae</strong></span> <span class='ocrx_word' id='word_1_4' title='bbox 513 30 690 105; x_wconf 87' lang='lat' dir='ltr'><strong>comperta</strong></span> <span class='ocrx_word' id='word_1_5' title='bbox 706 13 843 83; x_wconf 84' lang='lat' dir='ltr'><strong>babcmt</strong></span> 
     </span>
     <span class='ocr_line' id='line_1_2' title="bbox 112 106 845 201; baseline 0.004 -22"><span class='ocrx_word' id='word_1_6' title='bbox 112 110 247 196; x_wconf 74' lang='lat' dir='ltr'><strong>dimus,</strong></span> <span class='ocrx_word' id='word_1_7' title='bbox 264 133 308 179; x_wconf 78' lang='lat' dir='ltr'><strong>ex</strong></span> <span class='ocrx_word' id='word_1_8' title='bbox 326 130 401 179; x_wconf 87' lang='lat' dir='ltr'><strong>toto</strong></span> <span class='ocrx_word' id='word_1_9' title='bbox 418 106 613 179; x_wconf 79' lang='lat' dir='ltr'><strong>testimonio</strong></span> <span class='ocrx_word' id='word_1_10' title='bbox 631 108 690 181; x_wconf 84' lang='lat' dir='ltr'><strong>suo</strong></span> <span class='ocrx_word' id='word_1_11' title='bbox 706 108 845 201; x_wconf 62' lang='lat' dir='ltr'><strong>lirllulim</strong></span> 
     </span>
     <span class='ocr_line' id='line_1_3' title="bbox 112 206 826 299; baseline 0.001 -18"><span class='ocrx_word' id='word_1_12' title='bbox 112 210 194 281; x_wconf 86' lang='lat' dir='ltr'><strong>scire</strong></span> <span class='ocrx_word' id='word_1_13' title='bbox 213 209 313 280; x_wconf 75' lang='lat' dir='ltr'><strong>dixit.</strong></span> <span class='ocrx_word' id='word_1_14' title='bbox 341 206 826 299; x_wconf 78' lang='lat' dir='ltr'><strong>Verebaturcninrvidelicet,</strong></span> 
     </span>
     <span class='ocr_line' id='line_1_4' title="bbox 110 306 848 407; baseline -0.001 -26"><span class='ocrx_word' id='word_1_15' title='bbox 110 308 347 407; x_wconf 86' lang='lat' dir='ltr'><strong>populumque</strong></span> <span class='ocrx_word' id='word_1_16' title='bbox 365 310 414 380; x_wconf 91' lang='lat' dir='ltr'><strong>R.</strong></span> <span class='ocrx_word' id='word_1_17' title='bbox 440 306 485 378; x_wconf 88' lang='lat' dir='ltr'><strong>de</strong></span> <span class='ocrx_word' id='word_1_18' title='bbox 501 308 747 382; x_wconf 74' lang='lat' dir='ltr'><strong>existimatione</strong></span> <span class='ocrx_word' id='word_1_19' title='bbox 764 310 848 382; x_wconf 72' lang='lat' dir='ltr'><strong>suat</strong></span> 
     </span>
     <span class='ocr_line' id='line_1_5' title="bbox 110 408 845 507; baseline 0.001 -25"><span class='ocrx_word' id='word_1_20' title='bbox 110 434 180 506; x_wconf 92' lang='lat' dir='ltr'><strong>qua</strong></span> <span class='ocrx_word' id='word_1_21' title='bbox 195 408 283 480; x_wconf 76' lang='lat' dir='ltr'><strong>lima</strong></span> <span class='ocrx_word' id='word_1_22' title='bbox 299 408 563 507; x_wconf 78' lang='lat' dir='ltr'><strong>consequeretur</strong></span> <span class='ocrx_word' id='word_1_23' title='bbox 579 408 742 503; x_wconf 87' lang='lat' dir='ltr'><strong>ejuliuodi</strong></span> <span class='ocrx_word' id='word_1_24' title='bbox 759 411 845 484; x_wconf 90' lang='lat' dir='ltr'><strong>lmlu</strong></span> 
     </span>
     <span class='ocr_line' id='line_1_6' title="bbox 110 508 852 606; baseline 0.003 -25"><span class='ocrx_word' id='word_1_25' title='bbox 110 508 180 581; x_wconf 90' lang='lat' dir='ltr'><strong>lem</strong></span> <span class='ocrx_word' id='word_1_26' title='bbox 194 512 305 580; x_wconf 92' lang='lat' dir='ltr'><strong>virum</strong></span> <span class='ocrx_word' id='word_1_27' title='bbox 326 528 396 582; x_wconf 87' lang='lat' dir='ltr'><strong>tam</strong></span> <span class='ocrx_word' id='word_1_28' title='bbox 413 508 555 606; x_wconf 87' lang='lat' dir='ltr'><strong>cupide,</strong></span> <span class='ocrx_word' id='word_1_29' title='bbox 570 530 638 581; x_wconf 87' lang='lat' dir='ltr'><strong>tarn</strong></span> <span class='ocrx_word' id='word_1_30' title='bbox 657 530 784 581; x_wconf 89' lang='lat' dir='ltr'><strong>temere</strong></span> <span class='ocrx_word' id='word_1_31' title='bbox 799 510 852 583; x_wconf 75' lang='lat' dir='ltr'><strong>dis</strong></span> 
     </span>
     <span class='ocr_line' id='line_1_7' title="bbox 110 606 853 707; baseline 0.001 -27"><span class='ocrx_word' id='word_1_32' title='bbox 110 606 263 707; x_wconf 74' lang='lat' dir='ltr'><strong>figebat,</strong></span> <span class='ocrx_word' id='word_1_33' title='bbox 279 606 312 679; x_wconf 85' lang='lat' dir='ltr'><strong>se</strong></span> <span class='ocrx_word' id='word_1_34' title='bbox 328 610 363 680; x_wconf 91' lang='lat' dir='ltr'><strong>iu</strong></span> <span class='ocrx_word' id='word_1_35' title='bbox 381 608 577 681; x_wconf 81' lang='lat' dir='ltr'><strong>testimonio</strong></span> <span class='ocrx_word' id='word_1_36' title='bbox 594 608 677 681; x_wconf 84' lang='lat' dir='ltr'>nihil</span> <span class='ocrx_word' id='word_1_37' title='bbox 693 631 853 706; x_wconf 74' lang='lat' dir='ltr'><strong>praeteri</strong></span> 
     </span>
     <span class='ocr_line' id='line_1_8' title="bbox 111 704 855 806; baseline -0.009 -25"><span class='ocrx_word' id='word_1_38' title='bbox 111 708 286 781; x_wconf 80' lang='lat' dir='ltr'><strong>audaciam</strong></span> <span class='ocrx_word' id='word_1_39' title='bbox 305 731 417 806; x_wconf 87' lang='lat' dir='ltr'><strong>neque</strong></span> <span class='ocrx_word' id='word_1_40' title='bbox 432 704 560 779; x_wconf 73' lang='lat' dir='ltr'><strong>civibus</strong></span> <span class='ocrx_word' id='word_1_41' title='bbox 580 708 663 796; x_wconf 88' lang='lat' dir='ltr'><strong>suis,</strong></span> <span class='ocrx_word' id='word_1_42' title='bbox 680 732 794 804; x_wconf 86' lang='lat' dir='ltr'><strong>neque</strong></span> <span class='ocrx_word' id='word_1_43' title='bbox 811 732 855 779; x_wconf 71' lang='lat' dir='ltr'><strong>ae·</strong></span> 
     </span>
     <span class='ocr_line' id='line_1_9' title="bbox 110 805 857 905; baseline -0.003 -23"><span class='ocrx_word' id='word_1_44' title='bbox 110 808 186 882; x_wconf 84' lang='lat' dir='ltr'><strong>stris</strong></span> <span class='ocrx_word' id='word_1_45' title='bbox 201 806 366 905; x_wconf 86' lang='lat' dir='ltr'><strong>praestare</strong></span> <span class='ocrx_word' id='word_1_46' title='bbox 381 805 519 878; x_wconf 85' lang='lat' dir='ltr'><strong>debere.</strong></span> <span class='ocrx_word' id='word_1_47' title='bbox 549 807 606 878; x_wconf 80' lang='lat' dir='ltr'><strong>Au</strong></span> <span class='ocrx_word' id='word_1_48' title='bbox 622 828 705 878; x_wconf 86' lang='lat' dir='ltr'><strong>vero</strong></span> <span class='ocrx_word' id='word_1_49' title='bbox 719 808 793 879; x_wconf 89' lang='lat' dir='ltr'><strong>illas</strong></span> <span class='ocrx_word' id='word_1_50' title='bbox 808 830 857 881; x_wconf 86' lang='lat' dir='ltr'><strong>nat</strong></span> 
     </span>
     <span class='ocr_line' id='line_1_10' title="bbox 106 905 858 1007; baseline -0.001 -27"><span class='ocrx_word' id='word_1_51' title='bbox 106 907 352 1007; x_wconf 84' lang='lat' dir='ltr'><strong>jurisjurandi,</strong></span> <span class='ocrx_word' id='word_1_52' title='bbox 375 930 414 978; x_wconf 90' lang='lat' dir='ltr'><strong>ac</strong></span> <span class='ocrx_word' id='word_1_53' title='bbox 436 925 534 979; x_wconf 89' lang='lat' dir='ltr'><strong>metu</strong></span> <span class='ocrx_word' id='word_1_54' title='bbox 560 905 703 977; x_wconf 83' lang='lat' dir='ltr'><strong>deorum</strong></span> <span class='ocrx_word' id='word_1_55' title='bbox 720 909 858 979; x_wconf 90' lang='lat' dir='ltr'><strong>immort</strong></span> 
     </span>
     <span class='ocr_line' id='line_1_11' title="bbox 113 1003 856 1080; baseline -0.004 0"><span class='ocrx_word' id='word_1_56' title='bbox 113 1009 239 1080; x_wconf 88' lang='lat' dir='ltr'><strong>moniis</strong></span> <span class='ocrx_word' id='word_1_57' title='bbox 256 1006 406 1080; x_wconf 85' lang='lat' dir='ltr'><strong>dicendis</strong></span> <span class='ocrx_word' id='word_1_58' title='bbox 426 1006 634 1077; x_wconf 85' lang='lat' dir='ltr'><strong>commoveri</strong></span> <span class='ocrx_word' id='word_1_59' title='bbox 650 1003 856 1078; x_wconf 81' lang='lat' dir='ltr'><strong>arbitramini</strong></span> 
     </span>
     <span class='ocr_line' id='line_1_12' title="bbox 113 1104 862 1205; baseline -0.003 -26"><span class='ocrx_word' id='word_1_60' title='bbox 113 1133 135 1179; x_wconf 84' lang='lat' dir='ltr'><strong>a</strong></span> <span class='ocrx_word' id='word_1_61' title='bbox 150 1129 340 1182; x_wconf 85' lang='lat' dir='ltr'><strong>ceterarum</strong></span> <span class='ocrx_word' id='word_1_62' title='bbox 350 1108 507 1205; x_wconf 85' lang='lat' dir='ltr'><strong>gentium</strong></span> <span class='ocrx_word' id='word_1_63' title='bbox 517 1129 614 1176; x_wconf 89' lang='lat' dir='ltr'><strong>more</strong></span> <span class='ocrx_word' id='word_1_64' title='bbox 622 1128 661 1177; x_wconf 90' lang='lat' dir='ltr'><strong>ac</strong></span> <span class='ocrx_word' id='word_1_65' title='bbox 669 1124 789 1177; x_wconf 84' lang='lat' dir='ltr'><strong>natura</strong></span> <span class='ocrx_word' id='word_1_66' title='bbox 798 1104 862 1177; x_wconf 83' lang='lat' dir='ltr'><strong>dill</strong></span> 
     </span>
     <span class='ocr_line' id='line_1_13' title="bbox 113 1203 861 1305; baseline -0.003 -26"><span class='ocrx_word' id='word_1_67' title='bbox 113 1228 249 1281; x_wconf 81' lang='lat' dir='ltr'><strong>ceterae</strong></span> <span class='ocrx_word' id='word_1_68' title='bbox 263 1228 326 1302; x_wconf 90' lang='lat' dir='ltr'><strong>pro</strong></span> <span class='ocrx_word' id='word_1_69' title='bbox 341 1204 561 1304; x_wconf 84' lang='lat' dir='ltr'><strong>religionibus</strong></span> <span class='ocrx_word' id='word_1_70' title='bbox 577 1203 861 1305; x_wconf 80' lang='lat' dir='ltr'><strong>lirisbellal‘uscipi</strong></span> 
     </span>
     <span class='ocr_line' id='line_1_14' title="bbox 113 1304 865 1406; baseline -0.003 -27"><span class='ocrx_word' id='word_1_71' title='bbox 113 1326 167 1379; x_wconf 85' lang='lat' dir='ltr'><strong>tra</strong></span> <span class='ocrx_word' id='word_1_72' title='bbox 188 1305 342 1379; x_wconf 91' lang='lat' dir='ltr'><strong>omniurn</strong></span> <span class='ocrx_word' id='word_1_73' title='bbox 360 1304 552 1403; x_wconf 83' lang='lat' dir='ltr'><strong>religiones.</strong></span> <span class='ocrx_word' id='word_1_74' title='bbox 581 1305 654 1377; x_wconf 90' lang='lat' dir='ltr'><strong>illae</strong></span> <span class='ocrx_word' id='word_1_75' title='bbox 670 1308 705 1378; x_wconf 90' lang='lat' dir='ltr'><strong>in</strong></span> <span class='ocrx_word' id='word_1_76' title='bbox 721 1304 820 1377; x_wconf 91' lang='lat' dir='ltr'><strong>bellis</strong></span> <span class='ocrx_word' id='word_1_77' title='bbox 839 1332 865 1406; x_wconf 85' lang='lat' dir='ltr'>g</span> 
     </span>
     <span class='ocr_line' id='line_1_15' title="bbox 113 1402 867 1503; baseline 0.005 -28"><span class='ocrx_word' id='word_1_78' title='bbox 113 1402 363 1477; x_wconf 83' lang='lat' dir='ltr'><strong>immortalibus</strong></span> <span class='ocrx_word' id='word_1_79' title='bbox 378 1427 497 1501; x_wconf 86' lang='lat' dir='ltr'><strong>pacem</strong></span> <span class='ocrx_word' id='word_1_80' title='bbox 513 1427 553 1475; x_wconf 90' lang='lat' dir='ltr'><strong>ac</strong></span> <span class='ocrx_word' id='word_1_81' title='bbox 566 1407 700 1477; x_wconf 87' lang='lat' dir='ltr'><strong>veniam</strong></span> <span class='ocrx_word' id='word_1_82' title='bbox 718 1424 867 1503; x_wconf 90' lang='lat' dir='ltr'><strong>petunt,</strong></span> 
     </span>
     <span class='ocr_line' id='line_1_16' title="bbox 61 1502 860 1604; baseline 0.005 -29"><span class='ocrx_word' id='word_1_83' title='bbox 61 1504 178 1579; x_wconf 86' lang='lat' dir='ltr'><strong>rodiis</strong></span> <span class='ocrx_word' id='word_1_84' title='bbox 194 1502 440 1575; x_wconf 81' lang='lat' dir='ltr'><strong>immortalibus</strong></span> <span class='ocrx_word' id='word_1_85' title='bbox 454 1502 542 1576; x_wconf 91' lang='lat' dir='ltr'><strong>bella</strong></span> <span class='ocrx_word' id='word_1_86' title='bbox 556 1504 740 1604; x_wconf 85' lang='lat' dir='ltr'><strong>gell&#39;eruut.</strong></span> <span class='ocrx_word' id='word_1_87' title='bbox 782 1506 860 1579; x_wconf 90' lang='lat' dir='ltr'><strong>Hac</strong></span> 
     </span>
     <span class='ocr_line' id='line_1_17' title="bbox 113 1602 871 1703; baseline 0.008 -28"><span class='ocrx_word' id='word_1_88' title='bbox 113 1626 201 1701; x_wconf 88' lang='lat' dir='ltr'><strong>quae</strong></span> <span class='ocrx_word' id='word_1_89' title='bbox 226 1602 401 1702; x_wconf 91' lang='lat' dir='ltr'><strong>quondam</strong></span> <span class='ocrx_word' id='word_1_90' title='bbox 416 1624 486 1676; x_wconf 88' lang='lat' dir='ltr'><strong>tum</strong></span> <span class='ocrx_word' id='word_1_91' title='bbox 499 1604 606 1703; x_wconf 86' lang='lat' dir='ltr'><strong>longe</strong></span> <span class='ocrx_word' id='word_1_92' title='bbox 621 1604 663 1677; x_wconf 82' lang='lat' dir='ltr'><strong>ab</strong></span> <span class='ocrx_word' id='word_1_93' title='bbox 679 1604 743 1678; x_wconf 91' lang='lat' dir='ltr'><strong>suis</strong></span> <span class='ocrx_word' id='word_1_94' title='bbox 758 1604 871 1681; x_wconf 87' lang='lat' dir='ltr'><strong>sedibu</strong></span> 
     </span>
     <span class='ocr_line' id='line_1_18' title="bbox 112 1702 873 1803; baseline 0.005 -28"><span class='ocrx_word' id='word_1_95' title='bbox 112 1727 183 1801; x_wconf 91' lang='lat' dir='ltr'><strong>que</strong></span> <span class='ocrx_word' id='word_1_96' title='bbox 199 1702 240 1775; x_wconf 90' lang='lat' dir='ltr'><strong>ad</strong></span> <span class='ocrx_word' id='word_1_97' title='bbox 257 1702 452 1801; x_wconf 84' lang='lat' dir='ltr'><strong>Apollinem</strong></span> <span class='ocrx_word' id='word_1_98' title='bbox 468 1704 649 1803; x_wconf 81' lang='lat' dir='ltr'><strong>Pythium,</strong></span> <span class='ocrx_word' id='word_1_99' title='bbox 675 1725 778 1803; x_wconf 88' lang='lat' dir='ltr'><strong>atque</strong></span> <span class='ocrx_word' id='word_1_100' title='bbox 795 1707 837 1779; x_wconf 86' lang='lat' dir='ltr'><strong>ad</strong></span> <span class='ocrx_word' id='word_1_101' title='bbox 854 1735 873 1779; x_wconf 87' lang='lat' dir='ltr'><strong>c</strong></span> 
     </span>
     <span class='ocr_line' id='line_1_19' title="bbox 111 1802 873 1905; baseline 0.008 -30"><span class='ocrx_word' id='word_1_102' title='bbox 111 1822 225 1875; x_wconf 86' lang='lat' dir='ltr'><strong>terrae</strong></span> <span class='ocrx_word' id='word_1_103' title='bbox 253 1802 449 1876; x_wconf 87' lang='lat' dir='ltr'><strong>vexandum</strong></span> <span class='ocrx_word' id='word_1_104' title='bbox 473 1828 513 1875; x_wconf 92' lang='lat' dir='ltr'><strong>ae</strong></span> <span class='ocrx_word' id='word_1_105' title='bbox 529 1804 738 1901; x_wconf 85' lang='lat' dir='ltr'><strong>spoliandum</strong></span> <span class='ocrx_word' id='word_1_106' title='bbox 756 1807 873 1905; x_wconf 65' lang='lat' dir='ltr'><strong>profec</strong></span> 
     </span>
     <span class='ocr_line' id='line_1_20' title="bbox 112 1902 873 2005; baseline 0.004 -28"><span class='ocrx_word' id='word_1_107' title='bbox 112 1902 233 1977; x_wconf 87' lang='lat' dir='ltr'><strong>iisdem</strong></span> <span class='ocrx_word' id='word_1_108' title='bbox 258 1903 418 2005; x_wconf 86' lang='lat' dir='ltr'><strong>gentibus</strong></span> <span class='ocrx_word' id='word_1_109' title='bbox 442 1902 558 1978; x_wconf 72' lang='lat' dir='ltr'><strong>sanctis</strong></span> <span class='ocrx_word' id='word_1_110' title='bbox 582 1903 619 1976; x_wconf 73' lang='grc' dir='ltr'><strong>δε</strong></span> <span class='ocrx_word' id='word_1_111' title='bbox 637 1905 672 1979; x_wconf 87' lang='lat' dir='ltr'><strong>in</strong></span> <span class='ocrx_word' id='word_1_112' title='bbox 689 1904 873 1982; x_wconf 82' lang='lat' dir='ltr'><strong>testimonie</strong></span> 
     </span>
    </p>
   </div>
   <div class='ocr_carea' id='block_1_2' title="bbox 110 2160 873 2419">
    <p class='ocr_par' dir='ltr' id='par_1_2' title="bbox 110 2160 873 2419">
     <span class='ocr_line' id='line_1_21' title="bbox 143 2160 873 2231; baseline 0.007 -20"><span class='ocrx_word' id='word_1_113' title='bbox 143 2160 412 2220; x_wconf 63' lang='lat' dir='ltr'><strong>Mun-milladium,</strong></span> <span class='ocrx_word' id='word_1_114' title='bbox 428 2161 539 2224; x_wconf 64' lang='lat' dir='ltr'><strong>arbitro]</strong></span> <span class='ocrx_word' id='word_1_115' title='bbox 556 2167 609 2212; x_wconf 83' lang='lat' dir='ltr'><strong>Hoc</strong></span> <span class='ocrx_word' id='word_1_116' title='bbox 639 2164 682 2211; x_wconf 80' lang='lat' dir='ltr'><strong>uri</strong></span> <span class='ocrx_word' id='word_1_117' title='bbox 693 2166 779 2231; x_wconf 77' lang='lat' dir='ltr'><strong>judicer</strong></span> <span class='ocrx_word' id='word_1_118' title='bbox 791 2183 873 2228; x_wconf 64' lang='lat' dir='ltr'><strong>estnon</strong></span> 
     </span>
     <span class='ocr_line' id='line_1_22' title="bbox 111 2182 873 2293; baseline -0.003 -12"><span class='ocrx_word' id='word_1_119' title='bbox 111 2229 177 2281; x_wconf 82' lang='lat' dir='ltr'><strong>idem</strong></span> <span class='ocrx_word' id='word_1_120' title='bbox 190 2231 244 2280; x_wconf 86' lang='lat' dir='ltr'><strong>libr.</strong></span> <span class='ocrx_word' id='word_1_121' title='bbox 260 2229 330 2279; x_wconf 73' lang='lat' dir='ltr'><strong>nod.</strong></span> <span class='ocrx_word' id='word_1_122' title='bbox 343 2228 422 2293; x_wconf 76' lang='lat' dir='ltr'><strong>quast.</strong></span> <span class='ocrx_word' id='word_1_123' title='bbox 431 2242 462 2277; x_wconf 85' lang='lat' dir='ltr'><strong>rr.</strong></span> <span class='ocrx_word' id='word_1_124' title='bbox 476 2228 610 2277; x_wconf 74' lang='lat' dir='ltr'><strong>acuaturhis</strong></span> <span class='ocrx_word' id='word_1_125' title='bbox 621 2182 627 2274; x_wconf 91' lang='lat' dir='ltr'><strong>l</strong></span> <span class='ocrx_word' id='word_1_126' title='bbox 638 2230 712 2286; x_wconf 69' lang='lat' dir='ltr'><strong>falla,</strong></span> <span class='ocrx_word' id='word_1_127' title='bbox 728 2231 766 2293; x_wconf 76' lang='lat' dir='ltr'><strong>sed</strong></span> <span class='ocrx_word' id='word_1_128' title='bbox 776 2244 800 2280; x_wconf 69' lang='lat' dir='ltr'><strong>rur</strong></span> <span class='ocrx_word' id='word_1_129' title='bbox 809 2223 873 2281; x_wconf 65' lang='lat' dir='ltr'><strong>bidui</strong></span> 
     </span>
     <span class='ocr_line' id='line_1_23' title="bbox 111 2293 873 2358; baseline 0 -16"><span class='ocrx_word' id='word_1_130' title='bbox 111 2294 203 2348; x_wconf 72' lang='lat' dir='ltr'><strong>verbis,</strong></span> <span class='ocrx_word' id='word_1_131' title='bbox 219 2298 293 2358; x_wconf 70' lang='lat' dir='ltr'><strong>Qum</strong></span> <span class='ocrx_word' id='word_1_132' title='bbox 306 2306 410 2341; x_wconf 77' lang='lat' dir='ltr'><strong>numm</strong></span> <span class='ocrx_word' id='word_1_133' title='bbox 423 2294 530 2352; x_wconf 74' lang='lat' dir='ltr'><strong>majurum</strong></span> <span class='ocrx_word' id='word_1_134' title='bbox 543 2303 609 2338; x_wconf 65' lang='lat' dir='ltr'><strong>iream</strong></span> <span class='ocrx_word' id='word_1_135' title='bbox 622 2293 626 2348; x_wconf 65' lang='grc' dir='ltr'><em>Ξ</em></span> <span class='ocrx_word' id='word_1_136' title='bbox 668 2298 775 2357; x_wconf 61' lang='grc' dir='ltr'><strong>Ηιὶᾑςὲοηε</strong></span> <span class='ocrx_word' id='word_1_137' title='bbox 784 2298 873 2355; x_wconf 43' lang='lat' dir='ltr'><strong>,intimi</strong></span> 
     </span>
     <span class='ocr_line' id='line_1_24' title="bbox 110 2358 860 2419; baseline -0.019 -14"><span class='ocrx_word' id='word_1_138' title='bbox 110 2361 229 2419; x_wconf 67' lang='lat' dir='ltr'><strong>commus</strong></span> <span class='ocrx_word' id='word_1_139' title='bbox 242 2359 372 2416; x_wconf 66' lang='lat' dir='ltr'><strong>nomn&#39;a:</strong></span> <span class='ocrx_word' id='word_1_140' title='bbox 386 2360 425 2412; x_wconf 80' lang='lat' dir='ltr'><strong>qui</strong></span> <span class='ocrx_word' id='word_1_141' title='bbox 437 2372 531 2408; x_wconf 66' lang='lat' dir='ltr'><strong>orntum</strong></span> <span class='ocrx_word' id='word_1_142' title='bbox 539 2358 611 2400; x_wconf 77' lang='lat' dir='ltr'><strong>r&#39;urm</strong></span> <span class='ocrx_word' id='word_1_143' title='bbox 622 2368 626 2396; x_wconf 92' lang='grc' dir='ltr'>ι</span> <span class='ocrx_word' id='word_1_144' title='bbox 637 2361 699 2394; x_wconf 66' lang='lat' dir='ltr'><strong>ma.</strong></span> <span class='ocrx_word' id='word_1_145' title='bbox 748 2362 812 2386; x_wconf 53' lang='lat' dir='ltr'><strong>,ma</strong></span> <span class='ocrx_word' id='word_1_146' title='bbox 837 2362 860 2380; x_wconf 88' lang='lat'><strong>···</strong></span> 
     </span>
    </p>
   </div>
   <div class='ocr_carea' id='block_1_3' title="bbox 0 0 1280 4866">
    <p class='ocr_par' dir='ltr' id='par_1_3' title="bbox 0 0 1280 4866">
     <span class='ocr_line' id='line_1_25' title="bbox 0 0 1280 4866; baseline 0 1"><span class='ocrx_word' id='word_1_147' title='bbox 0 0 1280 4866; x_wconf 95' lang='lat' dir='ltr'><strong> </strong></span> 
     </span>
    </p>
   </div>
  </div>
 </body>
</html>
