2550 4866
275 682 497 771 Ltutse
552 680 868 760 Teurrvs.
1047 690 1095 789 ῃ

64 796 150 891 Qsa
165 818 202 869 re
219 796 326 897 igitur
339 798 396 887 id,
420 796 516 896 quod
533 797 602 889 ais,
623 798 790 871 affecutus
809 800 866 871 es?
891 800 1024 914 Magna
1041 800 1092 877 est

64 896 265 1001 mimicus,
291 896 316 970 sr
332 900 516 997 superiores
530 898 672 973 conlilio
690 898 821 987 vicisti,
846 899 1090 997 posterioribus

63 997 260 1095 exemplum
277 1018 381 1095 atque
398 996 636 1073 austeritatem
653 997 827 1097 reliquisti.
858 998 944 1073 Tibi
953 1000 1088 1075 fortasse

63 1096 206 1169 idoneus
223 1096 290 1169 fuit
309 1122 432 1187 tremo,
447 1122 553 1197 quem
570 1098 752 1171 imitarere.
792 1100 892 1171 Atre
909 1100 1088 1193 videlicet,

62 1197 277 1273 inventorem
294 1222 409 1270 rerum
425 1200 632 1297 optimarum
649 1222 689 1269 ae
701 1197 891 1296 principem
903 1197 1086 1297 imitabun-

63 1316 120 1367 tur
134 1320 265 1369 omnes.
300 1296 392 1393 Qris
408 1318 601 1388 aratorum,
615 1318 651 1369 te
667 1297 1011 1395 praetoredecumam
1024 1300 1096 1371 de·-

60 1394 137 1468 dit?
160 1400 236 1495 quis
250 1395 355 1469 duas?
376 1400 536 1496 quianon
550 1399 701 1471 maximo
719 1398 752 1469 se
769 1392 932 1469 affeuum
951 1396 1085 1483 benefi-

57 1496 114 1593 cio
132 1500 286 1593 putavit,
305 1520 384 1570 cum
394 1497 503 1569 tribus
514 1495 665 1569 decumis
673 1519 737 1594 pro
745 1495 1086 1597 unadefungerctur,

59 1618 196 1695 praeter
211 1620 356 1694 paucos,
379 1601 440 1694 qui
456 1618 596 1696 propter
611 1597 808 1671 societatem
822 1595 994 1669 furtorum
1003 1618 1085 1671 tuo-

57 1718 135 1789 rum
153 1696 394 1781 nihilomnino
410 1695 605 1771 dederunt?
630 1694 724 1771 Vide
739 1699 827 1768 inter
842 1698 1086 1793 importunita-

60 1814 135 1865 tem
158 1814 254 1868 tuam
269 1795 468 1891 senatusque
485 1793 677 1869 bonitatem
695 1795 778 1895 quid
799 1794 938 1869 intersit.
979 1798 1085 1871 Serra·

59 1913 138 1983 tus,
161 1918 243 1967 cum
262 1895 480 1993 temporibus
494 1896 579 1992 reip.
595 1896 758 1993 cogitur,
781 1914 820 1969 ut
837 1894 1020 1987 decemat,
1044 1916 1086 1971 ut

61 1991 186 2071 alterae
206 1993 375 2067 decumae
397 1997 601 2094 exigantur:
634 1997 682 2066 ita
703 1992 887 2084 decernit,
910 2019 952 2068 ut
977 2019 1086 2093 pecu-

38 2092 120 2187 ,nia
144 2115 207 2189 pro
232 2096 282 2167 his
308 2091 462 2167 decumis
484 2094 635 2167 solvatur
658 2091 870 2167 aratoribus:
897 2114 967 2183 ut,
990 2094 1097 2191 quod'

66 2192 142 2291 plus
170 2193 344 2282 sumitur,
373 2216 475 2289 quam
500 2192 676 2282 debetur,
709 2193 743 2265 id
769 2194 855 2283 emi,
882 2216 953 2265 non
978 2192 1091 2269 artfer-

64 2293 96 2367 ri
113 2313 262 2390 putetur.
308 2295 391 2380 Tu,
407 2316 488 2363 cum
507 2312 561 2366 tot
575 2292 737 2365 decumas
753 2316 824 2365 non
845 2294 879 2367 S.
897 2292 940 2365 C.
956 2292 1088 2366 sedno-

63 2392 114 2473 vis
130 2390 248 2465 edidis
263 2392 348 2481 tuis,
379 2390 520 2463 nefariis
536 2417 581 2466 ue
606 2390 767 2485 institutis
793 2394 850 2464 exi
878 2414 952 2467 eres
967 2390 1004 2465 &
1021 2392 1097 2465 eri-

63 2514 163 2591 peres
184 2514 352 2591 magnum
374 2510 411 2563 te
435 2418 548 2565 sectile
571 2490 810 2581 arbitrabere,
843 2418 989 2589 lipluris
1005 2516 1091 2567 ven-

63 2590 216 2681 dideris,
240 2614 343 2690 quam
369 2592 414 2665 L.
429 2591 654 2685 Hortenfius,
684 2612 779 2690 pater
801 2588 894 2663 istius
919 2588 1089 2688 QHor·

64 2690 183 2781 tenfii,
206 2714 309 2791 quam
333 2689 401 2762 Cn.
427 2692 641 2789 Pompejus,
675 2716 782 2790 quam
807 2692 862 2765 M.
882 2690 1088 2785 Marcellus,

64 2799 128 2889 qui
151 2790 193 2863 ab
216 2789 406 2889 aequitate,
432 2786 475 2860 ab
494 2791 592 2891 lege,
617 2792 660 2865 ab
679 2790 839 2864 institutis
854 2814 925 2863 non
941 2790 1089 2865 tecell‘e·

63 2891 179 2963 runt?
213 2891 270 2965 An
288 2888 357 2962 tibi
374 2892 475 2963 unius
493 2891 600 2982 anni,
625 2912 685 2964 aut
701 2890 830 2963 biennii
851 2892 939 2987 ratio
955 2889 1098 2977 habena

62 2988 108 3064 da
122 2987 205 3064 fuit:
230 2989 314 3063 salus
330 2988 546 3088 provinciae,
570 2988 753 3065 commoda
768 2993 819 3062 rei
827 2986 1087 3082 frumentariae,

1037 3114 1090 3162 ra·

61 3213 124 3264 uite.
144 3211 245 3265 Praebuit
254 3214 320 3265 enim
333 3212 381 3265 hot
392 3212 513 3265 lilerrtium
521 3228 562 3264 oe·
593 3224 619 3263 ut
630 3226 683 3263 rere
694 3210 786 3269 ditem,
809 3225 888 3277 neque
902 3222 997 3273 aegere,
1013 3225 1091 3273 neque

61 3276 183 3328 cerionem
203 3277 351 3329 existimandi
369 3283 475 3347 populo,
500 3279 562 3329 nihil
593 3276 708 3327 affirmare
726 3276 811 3327 nullm.
850 3280 924 3339 Qrare
943 3272 1092 3329 tortioribus

62 3340 110 3391 elle
124 3342 189 3405 quod
202 3342 563 3411 polseutditerettquedefeudc·
594 3342 709 3401 iudicium
729 3343 838 3403 relinquo
854 3376 860 3394 .
882 3338 968 3403 quibus
979 3340 1092 3405 tutiquo-

63 3421 99 3466 re.
116 3411 213 3454 uerrere.
595 3405 764 3455 rumeoditum
773 3402 1008 3465 mejorracuueeerir.
1024 3410 1092 3454 Hert.

97 3476 149 3519 cerr
162 3470 231 3517 rrr‘bur
242 3471 332 3519 decumis
342 3484 379 3534 γη
390 3471 563 3535 uredefurrgere-
596 3473 635 3516 l‘re
645 3485 689 3515 une
702 3468 866 3532 defungeretur]
890 3472 925 3517 lte
936 3481 1023 3517 omnes
1037 3464 1091 3519 ruff.

64 3534 123 3600 rur]
145 3534 317 3597 Defurgerenrur
325 3535 412 3585 rellese
422 3535 504 3585 lubere
512 3535 562 3585 sen·
594 3533 667 3583 noua
685 3534 710 3584 δε
723 3532 776 3583 edd.
789 3530 859 3599 usque
871 3531 900 3582 ed
912 3531 1096 3592 vidoriauema

64 3600 112 3650 tio·
134 3599 380 3664 Venelidesrugerelur,
396 3600 472 3658 idest,
487 3616 524 3650 eet
540 3614 553 3649 e
594 3611 661 3660 qut.
675 3601 833 3659 deferrentur,
848 3597 896 3645 hoc
910 3596 942 3646 est
954 3608 1094 3663 carperetur,

65 3666 139 3717 rerur-
160 3662 223 3714 lrarrd
235 3662 282 3713 seio
295 3679 326 3715 tu
338 3617 562 3730 fiueeausarepoito
596 3666 620 3715 in
639 3662 836 3713 uirctmeretius.
854 3666 964 3711 Gruterus.
991 3658 1095 3712 renue·

64 3728 159 3791 verbu,
179 3730 289 3793 quamvis
302 3728 401 3787 rustico,
421 3730 564 3781 inusitatione
594 3746 606 3779 c
638 3727 817 3793 ltprimFrane.

64 3809 161 3851 temen,
180 3793 441 3845 &hoclototransseto.
460 3800 563 3843 cernerer.
626 3790 760 3859 Temperr‘ler
775 3786 885 3855 Rapsa]
908 3785 1094 3841 uiffienlrererei

67 3860 143 3905 Tribus
163 3858 254 3906 detumit
272 3869 312 3925 pre
330 3874 376 3905 serre
394 3854 561 3923 defungeretur]
595 3857 760 3908 frumentaria·
776 3860 875 3904 uerrere.

68 3922 192 3973 Nonnulli
206 3918 321 3987 impreffi,
338 3924 489 3983 defregererer.
509 3928 564 3971 Vtra
631 3928 707 3985 Quem
714 3914 893 3983 umanum]
912 3922 992 3969 Vetus·
1011 3918 1095 3984 Qum

66 3984 98 4036 fit
109 3988 209 4041 melior,
225 3985 565 4052 statueretquidemlaellenon
598 3988 751 4038 autmarus.
769 3984 887 4053 Neunius.

66 4048 171 4114 pallum.
197 4048 566 4115 Nemfieripoeelluthocrerbo
630 4050 829 4110 Vetereerr'rerir}
853 4047 1096 4113 verell'rgaleoauuo

67 4113 142 4165 fetere
154 4116 240 4165 cicero
249 4114 277 4165 srt
284 4113 349 4166 usust
365 4114 431 4182 quod
438 4114 466 4164 ed
473 4114 565 4181 frugum
598 4132 671 4184 quem
686 4114 790 4165 maxime
803 4108 969 4173 amplificares:
987 4110 1099 4176 inpelle·

67 4178 181 4239 jaderam
201 4181 226 4229 ἔ(
245 4178 396 4231 umidiorem
415 4179 566 4231 indicendam
600 4198 652 4231 rum
668 4177 808 4235 nihiluudt
820 4175 880 4231 sulti
892 4174 968 4243 pollet
978 4176 1101 4241 “linque-

67 4244 452 4299 nonmueeccommederemeu.
473 4244 568 4311 ldeto.
600 4260 670 4299 raur-
685 4250 781 4295 uerrere.

118 4306 179 4355 Terre·
188 4310 208 4357 1.
222 4310 273 4357 Pera
281 4314 315 4359 11.
593 4370 596 4385 Ι
712 4313 737 4362 C
1054 4308 1104 4355 Rev
